2550 4392
466 69 565 127 ,μ
996 44 1470 104 zchID.
1558 45 1922 125 onom.

599 171 656 229 G
670 172 715 230 Ε
728 172 781 230 ο
798 169 871 228 Μ
884 171 925 229 Ε
939 169 987 228 Τ
1000 171 1048 227 R
1062 172 1091 228 1
1107 171 1160 228 C
1176 171 1223 228 Δ
1259 161 1766 255 proportionalitas
1780 210 1803 241 ,
1815 159 1940 253 siue
1979 158 2268 228 Medietae
2312 158 2462 234 εΗ,

472 261 710 351 quando
733 278 865 335 tres,
895 259 985 330 vel
997 262 1191 353 plures
1211 254 1440 330 numeri
1463 260 1700 328 eandem
1722 262 2147 351 proportionem
2177 257 2462 326 babuit:

472 379 657 450 quarn
670 360 902 450 quidem
919 357 1171 427 Euclides
1195 358 1473 450 definiut't.
1505 371 1633 426 Hac
1659 362 1813 426 enirn
1831 353 2061 450 proprii
2086 358 2463 450 proportio-

473 458 695 524 nalitas
706 456 1058 548 dicitunjiue
1069 459 1377 549 Analogia
1392 483 1408 525 ε
1434 461 1558 525 alia
1575 452 1704 526 vero
1720 451 2047 549 improprii,
2065 478 2196 525 curn
2210 451 2460 543 ttonfit

469 555 668 623 eadem
670 552 892 647 simper
905 560 1059 628 inter
1071 577 1272 623 earum
1287 559 1560 625 terminos
1563 559 1967 648 proportio‚ita
1981 574 2047 627 vt
2059 559 2260 623 reclius
2276 564 2452 620 Με-

467 655 707 722 dietates
722 654 996 724 dicantur
1009 703 1030 734 ,
1048 671 1276 747 propter
1289 657 1501 723 medios
1526 658 1799 724 terminos
1812 704 1830 730 ,
1858 658 1962 744 qui
1975 672 2130 722 certa
2143 653 2448 743 quadam

374 782 383 799 ’
465 755 698 825 ratione
719 756 875 822 inter
897 772 1181 823 extremos
1203 755 1660 823 interiiciuntur.
1695 765 1774 823 Vt
1802 755 1863 820 hi
1877 755 2129 831 numeri,
2148 776 2209 819 2.
2230 760 2297 817 6.
2325 776 2350 818 1
2365 750 2444 817 8.

464 875 571 943 54.
583 853 862 940 quoniam
876 849 1122 942 quilibet
1131 849 1389 936 adsuunt
1402 852 1822 921 antecedentem
1836 852 2072 920 eandem
2089 849 2264 919 babet
2271 871 2444 941 pro·-

457 953 781 1042 portionem
795 952 1060 1044 triplam,
1075 946 1429 1042 constituunt
1445 953 2050 1042 proportionalitatem
2079 950 2439 1017 Geometri-

465 1069 618 1115 cam.
635 1059 763 1117 Hac
773 1049 979 1140 duplex
993 1071 1217 1140 quoque
1229 1050 1706 1129 eH,continua‚&
1727 1047 2059 1139 dtftreta‚vt
2073 1052 2136 1116 in
2156 1077 2197 1134 4
2208 1046 2421 1137 defin,

468 1147 633 1216 huius
661 1146 759 1215 lib.
775 1151 1203 1240 explicauimut.
1264 1154 1562 1219 continua
1589 1150 1843 1218 cernitur
1866 1151 1928 1215 in
1955 1148 2108 1215 datis
2131 1152 2430 1221 numeris,

467 1242 713 1333 discreta
723 1264 922 1315 autem
938 1252 999 1314 in
1014 1244 1290 1337 hiscesex,
1308 1272 1369 1319 2.
1385 1267 1440 1335 3.
1461 1269 1544 1312 η.
1562 1247 1653 1313 18.
1671 1267 1784 1318 20.
1802 1269 1905 1335 30.
1935 1255 2100 1313 Nam
2127 1245 2254 1312 bini
2267 1264 2432 1312 tart-

466 1363 597 1412 tum
620 1344 811 1433 2.3.&
830 1368 914 1411 12.
936 1349 1022 1416 18.
1042 1354 1119 1419 ά
1136 1368 1246 1411 20.
1264 1368 1374 1435 30.
1388 1347 1627 1412 eandem
1645 1345 1860 1427 habent
1862 1346 2289 1435 proportionem
2293 1339 2434 1433 sefi-

464 1445 819 1534 quialteram
835 1472 853 1526 3
873 1466 987 1510 non
1000 1462 1196 1511 autem
1212 1442 1452 1533 quilibet
1466 1444 1546 1511 ad
1562 1439 1833 1535 proxime>
1849 1442 2271 1535 precedentem.

561 1552 633 1611 M
652 1552 703 1611 V
718 1554 759 1611 S
773 1553 800 1608 1
820 1553 871 1609 C
887 1554 934 1611 Α
946 1539 1069 1629 flue
1083 1545 1441 1611 Harmonica
1449 1544 1975 1635 proportionalitas,
1973 1539 2101 1631 siue
2124 1541 2424 1610 Medietac

465 1641 569 1718 eff,
588 1640 819 1729 quando
848 1658 962 1713 tres
987 1644 1215 1709 numeri
1240 1643 1332 1708 ita
1345 1642 1716 1717 ordinantur,
1746 1660 1813 1709 vt
1825 1639 2020 1708 eadent
2033 1639 2108 1723 lit
2115 1639 2419 1732 proportio

463 1740 718 1809 maximi
742 1738 824 1810 ad
846 1740 1161 1809 minimum
1176 1788 1197 1819 ,
1225 1760 1343 1829 qua
1367 1737 1692 1831 differentia
1715 1742 1870 1813 inter
1895 1740 2143 1807 maiores
2170 1740 2318 1805 duos
2332 1736 2418 1805 ad

463 1834 851 1927 differentiam
877 1840 1033 1913 inter
1057 1838 1195 1905 duos
1222 1841 1502 1906 minores.-
1527 1841 1619 1906 ita
1647 1856 1714 1906 rt
1737 1860 1837 1907 nec
1861 1837 2057 1905 eadem
2072 1839 2231 1905 inter
2243 1860 2333 1903 eos
2328 1834 2419 1925 sit

465 1933 811 2024 differentia,
828 1954 895 2004 rt
908 1939 970 2004 in
990 1937 1378 2005 arithmetica
1391 1989 1411 2014 ,
1428 1960 1527 2005 nec
1540 1938 1735 2009 eadem
1743 1954 2032 2029 proportio
2050 1986 2072 2015 ,
2099 1953 2164 2002 vt
2180 1958 2244 2003 tn
2265 1946 2418 2001 Geo-

462 2037 727 2108 metrica.
775 2046 825 2107 V
825 2053 853 2103 t
864 2052 979 2104 tres
993 2035 1055 2103 bi
1069 2038 1316 2112 numeri,
1337 2058 1386 2122 3.
1405 2064 1471 2128 4.
1489 2045 1551 2105 6.
1566 2037 1844 2124 quoniam
1858 2035 2054 2103 eadem
2070 2037 2150 2101 eii
2170 2054 2420 2126 propor-

349 2214 359 2230 ί
463 2137 548 2203 tio
563 2137 817 2205 maximi
834 2142 896 2201 6.
910 2135 991 2203 ad
1004 2137 1323 2202 minimum
1336 2157 1389 2218 3.
1420 2156 1537 2225 qua
1553 2130 1876 2226 differentia
1902 2136 2057 2201 inter
2072 2135 2416 2199 maximum

465 2242 530 2300 6.
547 2233 624 2307 (φ
637 2234 892 2304 medium
910 2254 979 2317 ⁴·-
994 2235 1282 2311 nimirum
1297 2235 1524 2302 numeri
1543 2256 1599 2299 2.
1613 2233 1696 2301 ad
1707 2229 2096 2322 differentiam
2116 2235 2274 2299 inter
2287 2251 2417 2297 me-

463 2331 627 2400 diu‘m
645 2361 709 2419 4.
727 2333 804 2408 ά·
819 2336 1133 2401 minimum
1150 2356 1202 2418 3.
1233 2333 1297 2400 id
1309 2334 1412 2413 eff,
1425 2331 1508 2401 ad
1524 2355 1572 2403 t.
1601 2333 1628 2418 (
1650 2353 1779 2400 cum
1795 2328 2097 2420 vtrob'tque
2113 2332 2415 2423 proportio

442 2429 532 2522 fit
571 2432 741 2523 dupla
754 2429 799 2518 )
837 2428 1187 2522 constituunt
1213 2430 1818 2523 proportionalitatem
1832 2479 1856 2512 ‚
1879 2426 2004 2519 siue
2028 2429 2416 2496 Medietatem

461 2529 679 2621 Musica
686 2529 866 2620 msiue
880 2541 937 2605 Η
938 2533 1301 2609 armonicam
1317 2555 1335 2607 ς
1349 2527 1456 2621 1in
1466 2522 1597 2613 verb
1609 2551 1788 2620 neque
1801 2527 2038 2597 eandem
2057 2526 2276 2596 babent
2288 2526 2413 2618 dif-

447 2630 792 2724 ferentiam,
807 2651 989 2720 neque
999 2630 1236 2699 eandem
1246 2630 1695 2722 proportionem,
1712 2643 1966 2719 vtpatet.
1988 2629 2086 2695 Sic
2099 2628 2286 2693 etiam
2299 2644 2418 2692 tres

462 2729 525 2796 hi
540 2732 766 2797 numeri
787 2751 892 2817 42.
913 2751 994 2796 η.
1014 2752 1076 2810 7.
1120 2729 1544 2797 Harmonicam
1566 2727 2174 2820 proportionalitatem
2204 2720 2416 2815 consti-

458 2844 637 2894 tuunt
653 2876 673 2905 ‚
701 2832 842 2916 quia
867 2826 1062 2895 eadem
1086 2830 1374 2919 proportio
1402 2829 1482 2893 eii
1500 2848 1752 2895 maximi
1772 2824 1973 2911 42.'ad
2000 2828 2322 2893 minimum
2341 2847 2409 2906 7.

458 2947 577 3014 qua
597 2922 918 3014 differentia
945 2929 1099 3016 inter
1113 2949 1210 2993 ma
1218 2929 1444 2993 timum
1459 2947 1571 3018 42.
1593 2925 1670 3000 ά·
1684 2926 1939 2992 medium
1958 2943 2048 2996 υ..
2069 2924 2174 2995 hoc
2188 2925 2414 3001 effimi-

462 3027 607 3092 meri
629 3046 726 3107 30.
746 3026 826 3094 ad
851 3021 1236 3115 differentiam
1264 3049 1319 3105 5.
1352 3028 1504 3093 inter
1517 3024 1770 3092 medium
1792 3045 1882 3095 12.
1899 3022 1978 3098 &
2001 3024 2328 3089 minimum
2345 3043 2411 3099 7.

461 3142 592 3190 cum
610 3122 909 3207 vtrobiqtce
913 3127 1201 3217 proportio
1200 3123 1285 3216 sit
1288 3120 1574 3216 sixtupla.
1604 3124 1844 3191 Dicitur
1854 3137 2056 3188 autern
2075 3117 2412 3211 huiusmodi

450 3226 960 3315 proportionalitas
980 3222 1192 3314 Musica
1210 3273 1230 3302 ,
1247 3222 1372 3312 siue
1388 3233 1446 3290 Η
1448 3224 1772 3301 armonica,
1789 3224 1932 3310 quia
1942 3220 2288 3310 plerumque
2298 3223 2411 3285 eius

455 3324 684 3389 numeri
703 3321 912 3389 habent
933 3324 1319 3413 proportiones
1343 3344 1431 3388 eas
1450 3372 1468 3401 ‚
1486 3324 1546 3388 in
1565 3319 1765 3410 quibus
1796 3315 2176 3409 consonantia
2189 3316 2413 3404 Musica

454 3416 771 3510 confistunt.
809 3432 887 3491 Vt
910 3424 971 3486 in
991 3422 1175 3511 priori
1200 3421 1451 3511 exemplo
1479 3423 1634 3489 inter
1649 3428 1712 3486 6.
1727 3417 1805 3492 ἐν
1824 3442 1887 3498 a.
1904 3418 1984 3483 eff
1990 3418 2292 3509 proportio
2298 3410 2414 3506 sifi

448 3516 1107 3609 quialtera‚constituens
1121 3514 1560 3607 consonantiam
1578 3567 1597 3596 ,
1614 3540 1732 3607 qua
1752 3519 2037 3607 Diapente
2052 3513 2413 3604 diciturfiue

442 3619 700 3715 Qnta.
716 3630 862 3688 Item
877 3621 1033 3687 inter
1048 3645 1085 3704 4
1098 3616 1196 3693 ,ά
1209 3637 1260 3706 3.
1276 3620 1358 3688 eff
1362 3620 1655 3712 proportio
1663 3609 2414 3803 ftsquitmia‚confliru}ns

2216 3732 2323 3781 con
2353 3737 2412 3780 o·
